<record><leader>00000cas a2200000 a 4500</leader><controlfield tag="001">31157029</controlfield><controlfield tag="008">940922d19301971iludn ne      0    0eng c</controlfield><datafield ind1=" " ind2=" " tag="010"><subfield code="a">sn 94060657 </subfield></datafield><datafield ind1=" " ind2=" " tag="040"><subfield code="a">NVF</subfield><subfield code="b">eng</subfield><subfield code="c">NVF</subfield><subfield code="d">MHN</subfield><subfield code="d">CVF</subfield><subfield code="d">NVF</subfield><subfield code="d">OCLCQ</subfield><subfield code="d">OCLCF</subfield><subfield code="d">OCLCO</subfield></datafield><datafield ind1="1" ind2=" " tag="029"><subfield code="a">AU@</subfield><subfield code="b">000011276972</subfield></datafield><datafield ind1=" " ind2=" " tag="042"><subfield code="a">pcc</subfield></datafield><datafield ind1=" " ind2=" " tag="043"><subfield code="a">n-us-il</subfield></datafield><datafield ind1="0" ind2="0" tag="245"><subfield code="a">Waukegan news-sun.</subfield></datafield><datafield ind1=" " ind2=" " tag="260"><subfield code="a">Waukegan, Ill. :</subfield><subfield code="b">Frank H. Just,</subfield><subfield code="c">1930-1971.</subfield></datafield><datafield ind1=" " ind2=" " tag="300"><subfield code="a">v.</subfield></datafield><datafield ind1=" " ind2=" " tag="310"><subfield code="a">Daily (except Sunday)</subfield></datafield><datafield ind1="0" ind2=" " tag="362"><subfield code="a">Vol. 33, no. 76 (Mar. 31, 1930)-v. 74, no. 19 (Jan. 23, 1971).</subfield></datafield><datafield ind1=" " ind2=" " tag="500"><subfield code="a">Issue called: Centennial ed., June 26, 1935.</subfield></datafield><datafield ind1=" " ind2=" " tag="580"><subfield code="a">Formed by the union of: Waukegan daily sun (Waukegan, Ill. : 1928), and: Waukegan daily news.</subfield></datafield><datafield ind1=" " ind2="0" tag="651"><subfield code="a">Waukegan (Ill.)</subfield><subfield code="v">Newspapers.</subfield></datafield><datafield ind1=" " ind2="0" tag="651"><subfield code="a">Lake County (Ill.)</subfield><subfield code="v">Newspapers.</subfield></datafield><datafield ind1=" " ind2="7" tag="655"><subfield code="a">Newspapers.</subfield><subfield code="2">fast</subfield><subfield code="0">(OCoLC)fst01423814</subfield></datafield><datafield ind1=" " ind2="7" tag="651"><subfield code="a">Illinois</subfield><subfield code="z">Lake County.</subfield><subfield code="2">fast</subfield><subfield code="0">(OCoLC)fst01207386</subfield></datafield><datafield ind1=" " ind2="7" tag="651"><subfield code="a">Illinois</subfield><subfield code="z">Waukegan.</subfield><subfield code="2">fast</subfield><subfield code="0">(OCoLC)fst01202708</subfield></datafield><datafield ind1=" " ind2=" " tag="752"><subfield code="a">United States</subfield><subfield code="b">Illinois</subfield><subfield code="c">Lake</subfield><subfield code="d">Waukegan.</subfield></datafield><datafield ind1="1" ind2="4" tag="780"><subfield code="t">Waukegan daily sun (Waukegan, Ill. : 1928)</subfield><subfield code="w">(DLC)sn 94060656</subfield><subfield code="w">(OCoLC)31156963</subfield></datafield><datafield ind1="1" ind2="4" tag="780"><subfield code="t">Waukegan daily news</subfield><subfield code="w">(DLC)sn2003060842</subfield><subfield code="w">(OCoLC)53938409</subfield></datafield><datafield ind1="0" ind2="0" tag="785"><subfield code="t">News-sun (Waukegan, Ill. : 1971)</subfield><subfield code="w">(DLC)sn 94060658</subfield><subfield code="w">(OCoLC)30857350</subfield></datafield></record>